@Article{accl91,
  AUTHOR =	 "M. Abadi and L. Cardelli and P.-L. Curien and
                  J.-J. L{\'e}vy",
  TITLE =	 "{Explicit Substitutions}",
  JOURNAL =	 "Journal of Functional Programming",
  YEAR =	 1991,
  Volume =	 1,
  NUMBER =	 4,
  Pages =	 "375--416"
}

@Article{ jfp,
  Author =	 "F. Kamareddine and A. R{\'i}os",
  Title =	 "{Extending a $\lambda$-calculus with Explicit
                  Substitution which Preserves Strong Normalisation
                  into a Confluent Calculus on Open Terms}",
  Journal =	 "Journal of Functional Programming",
  Year =	 "{1997}",
  Pages =	 "395--420",
  Volume =	 7
}

@Article{NaWi98,
  author =	 {G. Nadathur and Wilson, D. S.},
  title =	 {{A Notation for Lambda Terms: A Generalization of
                  Environments}},
  journal =	 tcs,
  year =	 1998,
  volume =	 198,
  pages =	 {49-98}
}

@inproceedings{Munoz96,
  author    = {C. A. Mu{\~{n}}oz},
  title     = {Confluence and Preservation of Strong Normalisation in an Explicit
               Substitutions Calculus},
  booktitle = {Proceedings, 11th Annual {IEEE} Symposium on Logic in Computer Science,
               New Brunswick, New Jersey, USA, July 27-30, 1996},
  pages     = {440--447},
  year      = {1996},
  crossref  = {DBLP:conf/lics/1996},
  url       = {https://doi.org/10.1109/LICS.1996.561460},
  doi       = {10.1109/LICS.1996.561460},
  timestamp = {Thu, 25 May 2017 00:42:41 +0200},
  biburl    = {http://dblp2.uni-trier.de/rec/bib/conf/lics/Munoz96},
  bibsource = {dblp computer science bibliography, http://dblp.org}
}
@proceedings{DBLP:conf/lics/1996,
  title     = {Proceedings, 11th Annual {IEEE} Symposium on Logic in Computer Science,
               New Brunswick, New Jersey, USA, July 27-30, 1996},
  publisher = {{IEEE} Computer Society},
  year      = {1996},
  url       = {http://ieeexplore.ieee.org/xpl/mostRecentIssue.jsp?punumber=4265},
  isbn      = {0-8186-7463-6},
  timestamp = {Fri, 21 Nov 2014 14:08:55 +0100},
  biburl    = {http://dblp2.uni-trier.de/rec/bib/conf/lics/1996},
  bibsource = {dblp computer science bibliography, http://dblp.org}
}

@article{bruijn72:_lambd_churc_rosser,
  author =	 {N. G. de Bruijn},
  title =	 {Lambda Calculus Notation With Nameless Dummies, a
                  Tool for Automatic Formula Manipulation, With
                  Application To the Church-Rosser Theorem},
  journal =	 {Indagationes Mathematicae (Proceedings)},
  volume =	 75,
  number =	 5,
  pages =	 {381-392},
  year =	 1972,
  doi =		 {10.1016/1385-7258(72)90034-0},
  url =		 {http://dx.doi.org/10.1016/1385-7258(72)90034-0},
  date_added =	 {Tue Dec 29 08:29:32 2015},
}

@Article{Lins86,
  title =	 "A new formula for the execution of categorical
                  combinators",
  author =	 "R. Lins",
  journal =	 "8th Conference on Automated Deduction (CADE)",
  pages =	 "89--98",
  volume =	 "volume 230 of LNCS",
  year =	 1986
}

@Article{BeBrLeRD96,
  author =	 "Z.-el-A. Benaissa and D. Briaud and P. Lescanne and
                  J. Rouyer-Degli",
  title =	 "{$\lambda\upsilon$, a Calculus of Explicit
                  Substitutions which Preserves Strong Normalization}",
  journal =	 "JFP",
  year =	 1996,
  volume =	 6,
  number =	 5,
  pages =	 "699--722"
}

@INPROCEEDINGS{Bloo95,
    author = {R. Bloo and K. Rose},
    title = {Preservation of Strong Normalisation in Named Lambda Calculi with Explicit Substitution and Garbage Collection},
    booktitle = {CSN-95: COMPUTER SCIENCE IN THE NETHERLANDS},
    year = 1995,
    pages = {62--72}}

@Article{kes09,
  author =	 {D. Kesner},
  title =	 {{A Theory of Explicit Substitutions with Safe and
                  Full Composition}},
  journal =	 {Logical Methods in Computer Science},
  year =	 2009,
  volume =	 5,
  number =	 {3:1},
  pages =	 {1-29}
}

@Unpublished{ZPropertyDraft,
  author 	  = {Vincent van Oostrom},
  title 	  = {Z - Draft: For Your Mind Only},
  year 	  = 2007,
  note = "unpublished"}

@article{Ch11,
    abstract = {{This paper provides an introduction to the locally nameless approach to the representation of syntax with variable binding, focusing in particular on the use of this technique in formal proofs. First, we explain the benefits of representing bound variables with de Bruijn indices while retaining names for free variables. Then, we explain how to describe and manipulate syntax in that form, and show how to define and reason about judgments on locally nameless terms.}},
    author = {A. Chargu\'{e}raud},
    citeulike-article-id = 9288966,
    citeulike-linkout-0 = {http://dx.doi.org/10.1007/s10817-011-9225-2},
    citeulike-linkout-1 = {http://www.springerlink.com/content/p2543370u2762131},
    day = 5,
    doi = {10.1007/s10817-011-9225-2},
    issn = {0168-7433},
    journal = {Journal of Automated Reasoning},
    pages = {1--46},
    posted-at = {2012-07-03 14:31:56},
    priority = 2,
    publisher = {Springer Netherlands},
    title = {{The Locally Nameless Representation}},
    url = {http://dx.doi.org/10.1007/s10817-011-9225-2},
    year = 2011
}

@misc{CoqTeam,
  author       = {The Coq Development Team},
  title        = {The Coq Proof Assistant, version 8.8.2},
  year         = 2018,
  doi          = {10.5281/zenodo.1174360},
  url          = {https://doi.org/10.5281/zenodo.1174360}
}
